<record><leader>00000cas a22000007a 4500</leader><controlfield tag="001">16963160</controlfield><controlfield tag="008">871111d18781915paudn ne      0    0eng d</controlfield><datafield ind1=" " ind2=" " tag="010"><subfield code="a">sn 87078500 </subfield></datafield><datafield ind1=" " ind2=" " tag="040"><subfield code="a">NPH</subfield><subfield code="b">eng</subfield><subfield code="c">NPH</subfield><subfield code="d">OCLCQ</subfield></datafield><datafield ind1=" " ind2=" " tag="042"><subfield code="a">msc</subfield></datafield><datafield ind1="0" ind2=" " tag="130"><subfield code="a">Daily city item (Allentown, Pa.)</subfield></datafield><datafield ind1="1" ind2="4" tag="245"><subfield code="a">The daily city item.</subfield></datafield><datafield ind1="1" ind2="7" tag="246"><subfield code="a">Daily city item and evening telegram</subfield></datafield><datafield ind1="1" ind2="7" tag="246"><subfield code="a">Item</subfield></datafield><datafield ind1=" " ind2=" " tag="260"><subfield code="a">Allentown, Pa. :</subfield><subfield code="b">Item Print. Assoc.,</subfield><subfield code="c">-1915.</subfield></datafield><datafield ind1=" " ind2=" " tag="300"><subfield code="a">v. :</subfield><subfield code="b">ill. (chiefly advertisements) ;</subfield><subfield code="c">53-70 cm.</subfield></datafield><datafield ind1=" " ind2=" " tag="310"><subfield code="a">Daily (except Sun.)</subfield></datafield><datafield ind1="1" ind2=" " tag="362"><subfield code="a">Began in 1878.</subfield></datafield><datafield ind1="0" ind2=" " tag="362"><subfield code="a">-38th yr., no. 11,128 (Mar. 29, 1915).</subfield></datafield><datafield ind1=" " ind2=" " tag="500"><subfield code="a">Issue for &lt;Nov. 23, 1883&gt; published as: Daily city item and evening telegram.</subfield></datafield><datafield ind1=" " ind2=" " tag="588"><subfield code="a">Description based on: Vol. 1, no. 2 (Jan. 2, 1878).</subfield></datafield><datafield ind1=" " ind2=" " tag="752"><subfield code="a">United States</subfield><subfield code="b">Pennsylvania</subfield><subfield code="c">Lehigh</subfield><subfield code="d">Allentown.</subfield></datafield><datafield ind1="0" ind2="0" tag="785"><subfield code="t">Allentown evening item</subfield><subfield code="w">(OCoLC)18984413</subfield></datafield></record>